@article{Weiner2022,
    author = {Max Weiner},
    title = {Meine neuesten und tollsten Ergebnisse},
    journal = {Ãœberaus bekannte Zeitschrift},
    year = {2022},
}

@article{Other2021,
    author = {Irgendjemand Anderes},
    title = {Irgendwelche Forschungen},
    journal = {Kaum bekannte Zeitschrift},
    year = {2021},
}
